@online{triptracker,
author = {Microsoft Garage},
title = {Trip Tracker},
url = {https://www.microsoft.com/en-us/garage/profiles/trip-tracker/},
urldate = {2017-10-30}
}
@online{loop,
author = {Microsoft Garage},
title = {Location and Obsevation Platform},
url = {https://www.loop.ms/},
urldate = {2017-10-30}
}
@online{routetracker,
author = {PathHackers},
title = {Route Tracker},
url = {https://play.google.com/store/apps/details?id=com.kendroid.android.routetracker},
urldate = {2017-10-30}
}
@online{polarsteps,
author = {Polarsteps},
title = {Polar Steps},
url = {https://www.polarsteps.com},
urldate = {2017-10-30}
}
@online{googlemap,
author = {Google Inc.},
title = {Google Maps},
url = {https://www.google.com.tr/maps},
urldate = {2017-10-30}
}
@online{android,
author = {Wikipedia},
title = {Android},
year = 2017,
url = {https://en.wikipedia.org/wiki/Android_(operating_system)},
urldate = {2017-11-28}
}
@online{androidStudio,
author = {Google},
title = {Android Studio},
year = 2017,
url = {https://developer.android.com/studio/intro/index.html},
urldate = {2017-11-28}
}

@online{androidStudioSqlite,
author = {Tutorials Point},
title = {Sqlite},
year = 2017,
url = {https://www.tutorialspoint.com/android/android_sqlite_database.htm},
urldate = {2017-11-28}
}

@online{iOS,
author = {Wikipedia},
title = {iOS},
year = 2018,
url = {http://www.wikizero.net/index.php?q=aHR0cHM6Ly90ci53aWtpcGVkaWEub3JnL3dpa2kvxLBPUw},
urldate = {2018-01-01}
}

@online{mac,
author = {Wikipedia},
title = {Mac OS},
year = 2018,
url = {http://www.wikizero.net/index.php?q=aHR0cHM6Ly90ci53aWtpcGVkaWEub3JnL3dpa2kvTWFjX09T},
urldate = {2018-01-01}
}

@online{androidEmulator,
author = {Tutorials Point},
title = {Android Emulator},
year = 2017,
url = {https://www.tutorialspoint.com/android/android_emulator.htm},
urldate = {2017-11-28}
}

@online{googleMapAPI,
author = {Google},
title = {Google Map API},
year = 2017,
url = {https://developers.google.com/maps/faq#whatis},
urldate = {2017-11-28}
}

@online{eclipse,
author = {Eclipse IDE},
title = {Eclipse IDE},
year = 2017,
url = {http://www.eclipse.org/downloads/eclipse-packages/},
urldate = {2017-11-28}
}

@online{scaleway,
author = {Scaleway},
title = {Scaleway},
year = 2017,
url = {https://www.scaleway.com/},
urldate = {2017-11-28}
}

@online{androidMinimumSystemRequirements,
author = {Google},
title = {Android System Requirements},
year = 2017,
url = {https://developer.android.com/studio/index.html},
urldate = {2017-11-28}
}

@online{linuxMinimumSystemRequirements,
author = {Tübitak Ulakbim},
title = {Pardus Minimum System Requirements},
year = 2017,
url = {http://www.pardus.org.tr/surumler/},
urldate = {2017-11-28}
}
@online{mysql,
author = {MySQL},
title = {MySQL},
year = 2017,
url = {https://www.mysql.com/support/supportedplatforms/workbench.html},
urldate = {2017-11-28}
}

@online{microsoft,
author = {MicrosoftSQLServer},
title = {microsoft},
year = 2017,
url = {https://tr.wikipedia.org/wiki/Microsoft_SQL_Server},
urldate = {2017-11-28}
}

@online{zip,
author = {Peazip},
title = {Zip Compression Benchmarks},
year = 2017,
url = {http://www.peazip.org/peazip-compression-benchmark.html},
urldate = {2017-11-28}
}

@online{dell,
author = {Hepsiburada.com},
title = {Dell Vostro 5468 8GB RAM 256 GB SSD},
year = 2017,
url = {https://urun.n11.com/dizustu-bilgisayar/dell-vostro-5468-g20f82n-i5-7200-1482564g-940mx-P214420418?cid=604001&gclid=CjwKCAiAr_TQBRB5EiwAC_QCq3CPfU6zxKPfjBguonH33douPlwIr0qv-ZH6Ch67XBopfQ8kmvQAXxoCSrcQAvD_BwE&gclsrc=aw.ds},
urldate = {2017-11-28}
}
@online{gm6,
author = {Gittigidiyor.com},
title = {General Mobile GM6},
year = 2017,
url = {https://urun.gittigidiyor.com/cep-telefonu-ve-aksesuar/general-mobile-gm-6-4-5g-tek-sim-telpa-garantilidir-313702023?pkw=&pmt=&sc_gcsp=gg&ggmktg=PaidSearch*PLA*236136807*22544670567*58375879647*%7btype%7d*313702023*pla-387386522094&gclid=CjwKCAiAr_TQBRB5EiwAC_QCq9xKmi0Z1QR9HjtoWk73NrlFSrNGx0meWF46YyiDv9TP2wfqMU6xwBoCvMgQAvD_BwE&gclsrc=aw.ds&mpch=ads&scxid=14489-145818-2357-0},
urldate = {2017-11-28}
}
@online{muhendisMaas,
author = {politeknik.org.tr},
title = {TMMOB 2017 yılı mühendis asgari ücretini belirledi},
year = 2016,
url = {http://politeknik.org.tr/tmmob-2017-yili-muhendis-asgari-ucretini-belirledi/},
urldate = {2017-11-28}
}

@online{eclipseTanim,
author = {eclipse.org/},
title = {Eclipse Açıklaması},
year = 2016,
url = {https://www.eclipse.org/ide//},
urldate = {2017-12-31}
}

@online{javaEETanim,
author = {docs.oracle.com/},
title = {JAVA EE Açıklaması},
year = 2016,
url = {https://docs.oracle.com/javaee/6/firstcup/doc/gkhoy.html},
urldate = {2017-12-31}
}

@online{sublimeTanim,
author = {sublimetext.com/},
title = {Sublime Text Açıklaması},
year = 2016,
url = {https://www.sublimetext.com},
urldate = {2017-12-31}
}

@online{mySQLTanim,
author = {mysql.com/},
title = {MySQL Açıklaması},
year = 2016,
url = {https://www.mysql.com/about/},
urldate = {2017-12-31}
}

@online{mySQLWorkTanim,
author = {mysql.com/},
title = {MySQL WorkBench Açıklaması},
year = 2016,
url = {https://www.mysql.com/products/workbench/},
urldate = {2017-12-31}
}

@online{BootstrapTanim,
author = {stackoverflow.com/},
title = {Bootstrap Açıklaması},
year = 2016,
url = {https://stackoverflow.com/questions/14546709/what-is-bootstrap/},
urldate = {2017-12-31}
}

@online{AngularJSTanim,
author = {docs.angularjs.org/},
title = {Angular JS Açıklaması},
year = 2016,
url = {https://docs.angularjs.org/guide/introduction},
urldate = {2017-12-31}
}

@online{JavascriptTanim,
author = {developer.mozilla.org/},
title = {Javascript Açıklaması},
year = 2016,
url = {https://developer.mozilla.org/en-US/docs/Learn/JavaScript/First_steps/What_is_JavaScript},
urldate = {2017-12-31}
}

@online{TomcatTanim,
author = {tomcat.apache.org/},
title = {Apache Tomcat Açıklaması},
year = 2016,
url = {http://tomcat.apache.org/},
urldate = {2017-12-31}
}

@online{SpringFrameTanim,
author = {docs.spring.io/},
title = {Spring Framework Açıklaması},
year = 2016,
url = {https://docs.spring.io/spring/docs/current/spring-framework-reference/overview.html},
urldate = {2017-12-31}
}

@online{STSTanim,
author = {docs.spring.io/},
title = {Spring Tool Suit Açıklaması},
year = 2016,
url = {https://spring.io/tools/sts},
urldate = {2017-12-31}
}

@online{PostmanTanim,
author = {getpostman.com/},
title = {Postman Açıklaması},
year = 2016,
url = {https://www.getpostman.com/},
urldate = {2017-12-31}
}

@online{PuttyTanim,
author = {en.wikipedia.org/},
title = {Putty Açıklaması},
year = 2016,
url = {https://en.wikipedia.org/wiki/PuTTY/},
urldate = {2017-12-31}
}

@online{VNCTanim,
author = {en.wikipedia.org/},
title = {VNC Açıklaması},
year = 2016,
url = {https://en.wikipedia.org/wiki/Virtual_Network_Computing},
urldate = {2017-12-31}
}

@online{WinSCPTanim,
author = {winscp.net/},
title = {VNC Açıklaması},
year = 2016,
url = {https://winscp.net/eng/docs/introduction},
urldate = {2017-12-31}
}

@online{htopTanim,
author = {en.wikipedia.org/wiki/Htop},
title = {htop Açıklaması},
year = 2017,
url = {https://en.wikipedia.org/wiki/Htop},
urldate = {2017-12-31}
}

@online{JMeterTanim,
author = {jmeter.apache.org/},
title = {JMeter Açıklaması},
year = 2017,
url = {http://jmeter.apache.org},
urldate = {2017-12-31}
}

@online{AndroidMarketShare,
author = {IDC},
title = {Android Market Share},
year = 2018,
url = {https://www.idc.com/promo/smartphone-market-share/os},
urldate = {2018-01-19}
}

@online{toshiba,
author = {Gittigidiyor},
title = {Toshiba Satellite},
year = 2018,
url = {https://urun.gittigidiyor.com/bilgisayar-tablet/toshiba-satellite-l9w-b-103-2-gb-intel-atom-64gb-ikisi-bir-arada-notebook-325916913},
urldate = {2018-01-22}
}

@online{ttnet,
author = {Türk Telekom},
title = {Türk Telekom},
year = 2018,
url = {https://internet-kampanya-basvuru-merkezi1.blogspot.com.tr/},
urldate = {2018-01-22}
}
